<record><leader>00000cas a22000007a 4500</leader><controlfield tag="001">42825403</controlfield><controlfield tag="008">991115d19uu200usduwr n       0   a0eng c</controlfield><datafield ind1=" " ind2=" " tag="010"><subfield code="a">sn 99009860 </subfield></datafield><datafield ind1=" " ind2=" " tag="040"><subfield code="a">NSD</subfield><subfield code="b">eng</subfield><subfield code="c">NSD</subfield><subfield code="d">NSD</subfield><subfield code="d">OCLCQ</subfield></datafield><datafield ind1=" " ind2=" " tag="012"><subfield code="m">d</subfield></datafield><datafield ind1="1" ind2=" " tag="022"><subfield code="a">1527-4705</subfield><subfield code="l">1527-4705</subfield><subfield code="2">1</subfield></datafield><datafield ind1=" " ind2=" " tag="037"><subfield code="b">Mark Alan Haugen, 210 S. Main Ave., Lincoln, SD 57064</subfield></datafield><datafield ind1=" " ind2=" " tag="042"><subfield code="a">nsdp</subfield><subfield code="a">pcc</subfield></datafield><datafield ind1=" " ind2="0" tag="222"><subfield code="a">Tea &amp; Harrisburg champion</subfield></datafield><datafield ind1="0" ind2="0" tag="245"><subfield code="a">Tea &amp; Harrisburg champion.</subfield></datafield><datafield ind1=" " ind2=" " tag="260"><subfield code="a">Lincoln, SD :</subfield><subfield code="b">Mark Alan Haugen</subfield></datafield><datafield ind1=" " ind2=" " tag="300"><subfield code="a">v.</subfield></datafield><datafield ind1=" " ind2=" " tag="310"><subfield code="a">Weekly</subfield></datafield><datafield ind1=" " ind2=" " tag="588"><subfield code="a">Description based on surrogate of: Vol. 1, no. 12 (Oct. 6, 1999).</subfield></datafield><datafield ind1=" " ind2=" " tag="752"><subfield code="a">United States.</subfield><subfield code="b">South Dakota</subfield><subfield code="c">Lincoln</subfield><subfield code="d">Lincoln.</subfield></datafield><datafield ind1="0" ind2="0" tag="785"><subfield code="t">Champion (Tea, SD)</subfield><subfield code="x">1931-8863</subfield><subfield code="w">(DLC)  2006213708</subfield><subfield code="w">(OCoLC)68694843</subfield></datafield><datafield ind1="1" ind2=" " tag="029"><subfield code="a">AU@</subfield><subfield code="b">000040191339</subfield></datafield></record>